
<record><leader>05814nam a2200000uu 4500</leader><controlfield tag="001">00221221</controlfield><controlfield tag="003">DE-Frei129</controlfield><controlfield tag="005">20220727155630.0</controlfield><controlfield tag="007">tu</controlfield><controlfield tag="008">000627s2000    ||||||||||||||||||||ger||</controlfield><datafield tag="016" ind1="7" ind2=" "><subfield code="a">958096821</subfield><subfield code="2">DE-101</subfield></datafield><datafield tag="020" ind1=" " ind2=" "><subfield code="a">3464250636</subfield><subfield code="9">3464250636</subfield></datafield><datafield tag="020" ind1=" " ind2=" "><subfield code="a">3705855638</subfield><subfield code="9">3705855638</subfield><subfield code="c">brosch. : DM 34.00, sfr 31.50, S 248.00</subfield></datafield><datafield tag="035" ind1=" " ind2=" "><subfield code="a">(DE-576)314946527</subfield></datafield><datafield tag="041" ind1=" " ind2=" "><subfield code="a">ger</subfield></datafield><datafield tag="044" ind1=" " ind2=" "><subfield code="c">XA-AT</subfield></datafield><datafield tag="100" ind1="1" ind2=" "><subfield code="a">Brunner, Ilse</subfield><subfield code="0">(DE-Frei129)00127686</subfield><subfield code="0">(DE-588)120681641</subfield></datafield><datafield tag="245" ind1="1" ind2="0"><subfield code="a">Gerecht beurteilen</subfield><subfield code="b">Portfolio: die Alternative für die Grundschulpraxis</subfield><subfield code="c">Ilse Brunner; Elfriede Schmidinger</subfield></datafield><datafield tag="250" ind1=" " ind2=" "><subfield code="a">1. Aufl</subfield></datafield><datafield tag="260" ind1="3" ind2=" "><subfield code="a">Berlin</subfield><subfield code="a">Linz</subfield><subfield code="b">Cornelsen</subfield><subfield code="b">Veritas</subfield><subfield code="c">2000</subfield></datafield><datafield tag="300" ind1=" " ind2=" "><subfield code="a">95 S</subfield><subfield code="b">Ill</subfield><subfield code="c">24 cm</subfield></datafield><datafield tag="500" ind1=" " ind2=" "><subfield code="a">Literaturverz. S. 94 - 95</subfield></datafield><datafield tag="500" ind1=" " ind2=" "><subfield code="a">IMD-Felder maschinell generiert (GBV)</subfield></datafield><datafield tag="500" ind1=" " ind2=" "><subfield code="a">Archivierung prüfen</subfield></datafield><datafield tag="650" ind1=" " ind2="7"><subfield code="a">Grundschule</subfield><subfield code="0">(DE-Frei129)00010240</subfield><subfield code="0">(DE-588)4022349-8</subfield><subfield code="2">gnd</subfield></datafield><datafield tag="650" ind1=" " ind2="7"><subfield code="a">Schulleistungsmessung</subfield><subfield code="0">(DE-Frei129)00031154</subfield><subfield code="0">(DE-588)4077202-0</subfield><subfield code="2">gnd</subfield></datafield><datafield tag="650" ind1=" " ind2="7"><subfield code="a">Verbalzeugnis</subfield><subfield code="0">(DE-Frei129)00069713</subfield><subfield code="0">(DE-588)4187547-3</subfield><subfield code="2">gnd</subfield></datafield><datafield tag="650" ind1=" " ind2="7"><subfield code="a">Schulleistungsmessung</subfield><subfield code="0">(DE-Frei129)00031154</subfield><subfield code="0">(DE-588)4077202-0</subfield><subfield code="2">gnd</subfield></datafield><datafield tag="650" ind1=" " ind2="7"><subfield code="a">Verbalzeugnis</subfield><subfield code="0">(DE-Frei129)00069713</subfield><subfield code="0">(DE-588)4187547-3</subfield><subfield code="2">gnd</subfield></datafield><datafield tag="650" ind1=" " ind2="7"><subfield code="a">Grundschule</subfield><subfield code="0">(DE-Frei129)00010240</subfield><subfield code="0">(DE-588)4022349-8</subfield><subfield code="2">gnd</subfield></datafield><datafield tag="650" ind1=" " ind2="7"><subfield code="a">Portfolios in education</subfield><subfield code="0">(DE-Frei129)00244851</subfield><subfield code="2">local</subfield></datafield><datafield tag="650" ind1=" " ind2="7"><subfield code="a">Austria</subfield><subfield code="0">(DE-Frei129)00238517</subfield><subfield code="2">local</subfield></datafield><datafield tag="689" ind1="0" ind2="0"><subfield code="0">(DE-588)4077202-0</subfield><subfield code="D">s</subfield><subfield code="a">Schulleistungsmessung </subfield></datafield><datafield tag="689" ind1="0" ind2="1"><subfield code="0">(DE-588)4187547-3</subfield><subfield code="D">s</subfield><subfield code="a">Verbalzeugnis </subfield></datafield><datafield tag="689" ind1="0" ind2="2"><subfield code="0">(DE-588)4022349-8</subfield><subfield code="D">s</subfield><subfield code="a">Grundschule</subfield><subfield code="5">DE-101</subfield></datafield><datafield tag="689" ind1="1" ind2="0"><subfield code="A">s</subfield><subfield code="a">Portfolios in education </subfield></datafield><datafield tag="689" ind1="1" ind2="1"><subfield code="A">s</subfield><subfield code="a">Austria</subfield><subfield code="5">DE-101</subfield></datafield><datafield tag="700" ind1="1" ind2=" "><subfield code="0">(DE-588)136205186</subfield><subfield code="0">(DE-Frei129)00078678</subfield><subfield code="a">Schmidinger, Elfriede</subfield><subfield code="4">aut</subfield></datafield><datafield tag="852" ind1=" " ind2=" "><subfield code="a">Frei129</subfield><subfield code="c">Paed K 520: 51</subfield></datafield><datafield tag="856" ind1="4" ind2=" "><subfield code="8">00</subfield><subfield code="u">https://external.dandelon.com/download/attachments/dandelon/ids/CH0023F0A94F15F0EF14FC1257D6D003C95BE.pdf</subfield><subfield code="y">Inhaltsverzeichnis</subfield></datafield><datafield tag="980" ind1="0" ind2=" "><subfield code="a">00327883</subfield><subfield code="9">(PHFR)</subfield><subfield code="b">Handbibliothek (50)</subfield><subfield code="c">Paed K 520: 51</subfield><subfield code="d">Handbibliothek - nie verleihbar (54)</subfield><subfield code="e">Verfügbar (X)</subfield></datafield></record>