
<record><leader>04604nam a2200000uu 4500</leader><controlfield tag="001">00221355</controlfield><controlfield tag="003">DE-Frei129</controlfield><controlfield tag="005">20220727155630.0</controlfield><controlfield tag="007">tu</controlfield><controlfield tag="008">000315s2000    ||||||||||||||||||||ger||</controlfield><datafield tag="035" ind1=" " ind2=" "><subfield code="a">(DE-576)1153934752</subfield></datafield><datafield tag="041" ind1=" " ind2=" "><subfield code="a">ger</subfield><subfield code="a">eng</subfield></datafield><datafield tag="245" ind1="1" ind2="0"><subfield code="a">Bilingualer Unterricht Gemeinschaftskunde - Englisch</subfield><subfield code="b">Handreichung zum Lehrplan &quot;Gemeinschaftskunde - Bilingualer Zug Englisch&quot;; Jahrgangsstufe 11 bis 13</subfield><subfield code="c">Pädagogisches Zentrum Rheinland-Pfalz, Bad Kreuznach. [Autoren: Volker Hoffknecht ... Red.: Gerhard Hoffmann]</subfield></datafield><datafield tag="260" ind1="3" ind2=" "><subfield code="a">Bad Kreuznach</subfield><subfield code="b">PZ</subfield><subfield code="c">2000</subfield></datafield><datafield tag="300" ind1=" " ind2=" "><subfield code="a">128 Seiten</subfield><subfield code="b">Ill., graph. Darst., Kt.</subfield><subfield code="e">1 Folie</subfield></datafield><datafield tag="490" ind1="1" ind2=" "><subfield code="a">PZ-Information </subfield><subfield code="v">2000,4</subfield></datafield><datafield tag="500" ind1=" " ind2=" "><subfield code="a">Text überw. engl.</subfield></datafield><datafield tag="650" ind1=" " ind2="7"><subfield code="a">Unterricht</subfield><subfield code="0">(DE-Frei129)00001741</subfield><subfield code="0">(DE-588)4062005-0</subfield><subfield code="2">gnd</subfield></datafield><datafield tag="650" ind1=" " ind2="7"><subfield code="a">Zweisprachigkeit</subfield><subfield code="0">(DE-Frei129)00027032</subfield><subfield code="0">(DE-588)4068227-4</subfield><subfield code="2">gnd</subfield></datafield><datafield tag="650" ind1=" " ind2="7"><subfield code="a">Sozialkundeunterricht</subfield><subfield code="0">(DE-Frei129)00022546</subfield><subfield code="0">(DE-588)4055852-6</subfield><subfield code="2">gnd</subfield></datafield><datafield tag="650" ind1=" " ind2="7"><subfield code="a">Englisch</subfield><subfield code="0">(DE-Frei129)00006961</subfield><subfield code="0">(DE-588)4014777-0</subfield><subfield code="2">gnd</subfield></datafield><datafield tag="650" ind1=" " ind2="7"><subfield code="a">Sekundarstufe 2</subfield><subfield code="0">(DE-Frei129)00021632</subfield><subfield code="0">(DE-588)4054367-5</subfield><subfield code="2">gnd</subfield></datafield><datafield tag="689" ind1="0" ind2="0"><subfield code="0">(DE-588)4062005-0</subfield><subfield code="D">s</subfield><subfield code="a">Unterricht </subfield></datafield><datafield tag="689" ind1="0" ind2="1"><subfield code="0">(DE-588)4068227-4</subfield><subfield code="D">s</subfield><subfield code="a">Zweisprachigkeit </subfield></datafield><datafield tag="689" ind1="0" ind2="2"><subfield code="0">(DE-588)4055852-6</subfield><subfield code="D">s</subfield><subfield code="a">Sozialkundeunterricht </subfield></datafield><datafield tag="689" ind1="0" ind2="3"><subfield code="0">(DE-588)4014777-0</subfield><subfield code="D">s</subfield><subfield code="a">Englisch </subfield></datafield><datafield tag="689" ind1="0" ind2="4"><subfield code="0">(DE-588)4054367-5</subfield><subfield code="D">s</subfield><subfield code="a">Sekundarstufe 2</subfield><subfield code="5">DE-101</subfield></datafield><datafield tag="700" ind1="1" ind2=" "><subfield code="0">(DE-Frei129)00098165</subfield><subfield code="a">Hoffknecht, Volker</subfield><subfield code="4">oth</subfield></datafield><datafield tag="700" ind1="1" ind2=" "><subfield code="0">(DE-Frei129)00024388</subfield><subfield code="a">Hoffmann, Gerhard</subfield><subfield code="4">Red.</subfield></datafield><datafield tag="830" ind1=" " ind2="0"><subfield code="a">PZ-Information</subfield><subfield code="v">2000,4</subfield><subfield code="w">(DE-Frei129)00075718</subfield><subfield code="9">42000 14</subfield></datafield><datafield tag="852" ind1=" " ind2=" "><subfield code="a">Frei 129</subfield><subfield code="b">PHFR</subfield><subfield code="c">HD 245 H698</subfield></datafield><datafield tag="980" ind1="0" ind2=" "><subfield code="a">00187251</subfield><subfield code="9">(PHFR)</subfield><subfield code="b">2.OG (35)</subfield><subfield code="c">HD 245 H698</subfield><subfield code="d">Standardleihe (01)</subfield><subfield code="e">Verfügbar (X)</subfield></datafield></record>