
<record><leader>03227ncm a2200000uu 4500</leader><controlfield tag="001">00221477</controlfield><controlfield tag="003">DE-Frei129</controlfield><controlfield tag="005">20220727155630.0</controlfield><controlfield tag="007">qu</controlfield><controlfield tag="008">000317s2000    ||||||||||||||||||||ger||</controlfield><datafield tag="020" ind1=" " ind2=" "><subfield code="a">3209030960</subfield><subfield code="9">3-209-03096-0</subfield></datafield><datafield tag="035" ind1=" " ind2=" "><subfield code="a">(DE-576)1609393570</subfield></datafield><datafield tag="041" ind1=" " ind2=" "><subfield code="a">ger</subfield></datafield><datafield tag="245" ind1="1" ind2="4"><subfield code="a">Die Europahymne</subfield><subfield code="b">[Freude schöner Götterfunke]</subfield><subfield code="c">[Ludwig van Beethoven. Arr.: Günter Knotzinger]</subfield></datafield><datafield tag="246" ind1="1" ind2="0"><subfield code="a">The European anthem</subfield></datafield><datafield tag="246" ind1="1" ind2="1"><subfield code="a">The European anthem</subfield></datafield><datafield tag="246" ind1="1" ind2="3"><subfield code="a">Sinfonien op. 125</subfield></datafield><datafield tag="250" ind1=" " ind2=" "><subfield code="a">1. Aufl., Instrumentalsätze und Stimmen</subfield></datafield><datafield tag="260" ind1="3" ind2=" "><subfield code="a">Wien</subfield><subfield code="a">Wien</subfield><subfield code="b">Öbv&amp;hpt Verl.Ges.</subfield><subfield code="b">Büro für Europäische Bildungskooperation</subfield><subfield code="c">2000</subfield></datafield><datafield tag="300" ind1=" " ind2=" "><subfield code="a">44  Seiten</subfield></datafield><datafield tag="300" ind1=" " ind2=" "><subfield code="b">Noten</subfield></datafield><datafield tag="490" ind1="0" ind2=" "><subfield code="a">Zukunft, Bildung, Kultur</subfield></datafield><datafield tag="490" ind1="1" ind2=" "><subfield code="a">Erziehung und Unterricht : Sonderheft</subfield><subfield code="v">2000,1</subfield></datafield><datafield tag="500" ind1=" " ind2=" "><subfield code="a">Vorw. dt., engl., franz.</subfield></datafield><datafield tag="700" ind1="1" ind2=" "><subfield code="0">(DE-588)118508288</subfield><subfield code="0">(DE-Frei129)00003743</subfield><subfield code="a">Beethoven, Ludwig van</subfield><subfield code="4">aut</subfield></datafield><datafield tag="700" ind1="1" ind2=" "><subfield code="0">(DE-Frei129)00132128</subfield><subfield code="a">Knotzinger, Günter</subfield><subfield code="4">oth</subfield></datafield><datafield tag="830" ind1=" " ind2="0"><subfield code="a">Erziehung und Unterricht</subfield><subfield code="v">2000,1</subfield><subfield code="w">(DE-Frei129)00253380</subfield><subfield code="9">42000 11</subfield></datafield><datafield tag="852" ind1=" " ind2=" "><subfield code="a">Frei 129</subfield><subfield code="b">PHFR</subfield><subfield code="c">LP 63204 B415</subfield></datafield><datafield tag="980" ind1="0" ind2=" "><subfield code="a">00119537</subfield><subfield code="9">(PHFR)</subfield><subfield code="b">3.OG (37)</subfield><subfield code="c">LP 63204 B415</subfield><subfield code="d">Standardleihe (01)</subfield><subfield code="e">Verfügbar (X)</subfield></datafield></record>