
<record><leader>02556nam a2200000uuc4500</leader><controlfield tag="001">00221690</controlfield><controlfield tag="003">DE-Frei129</controlfield><controlfield tag="005">20220727155630.0</controlfield><controlfield tag="007">tu</controlfield><controlfield tag="008">000324s2000    ||||||||||||||||||||ger||</controlfield><datafield tag="020" ind1=" " ind2=" "><subfield code="a">3411048824</subfield><subfield code="9">3411048824</subfield></datafield><datafield tag="035" ind1=" " ind2=" "><subfield code="a">(DE-576)1154111075</subfield></datafield><datafield tag="041" ind1=" " ind2=" "><subfield code="a">ger</subfield></datafield><datafield tag="245" ind1="1" ind2="0"><subfield code="a">Duden-Abiturhilfen</subfield><subfield code="b">[Training für Klausuren und Abitur]</subfield><subfield code="n">Biologie ; (biol,zell,2)</subfield><subfield code="p">Zellbiologie : (12./13. Schuljahr) / Roland Klinger</subfield></datafield><datafield tag="250" ind1=" " ind2=" "><subfield code="a">2., aktualis. Aufl.</subfield></datafield><datafield tag="260" ind1="3" ind2=" "><subfield code="a">Mannheim ; Leipzig ; Wien ; Zürich</subfield><subfield code="b">Dudenverl.</subfield><subfield code="c">2000</subfield></datafield><datafield tag="300" ind1=" " ind2=" "><subfield code="a">109 Seiten</subfield><subfield code="b">Ill., graph. Darst.</subfield></datafield><datafield tag="500" ind1=" " ind2=" "><subfield code="a">Verlagshinweis Rechtschreibreform</subfield></datafield><datafield tag="500" ind1=" " ind2=" "><subfield code="a">Archivierung prüfen</subfield></datafield><datafield tag="500" ind1=" " ind2=" "><subfield code="a">DE-640 (2)</subfield></datafield><datafield tag="500" ind1=" " ind2=" "><subfield code="a">Archivierung/Langzeitarchivierung gewährleistet</subfield></datafield><datafield tag="700" ind1="1" ind2=" "><subfield code="0">(DE-Frei129)00086615</subfield><subfield code="a">Klinger, Roland</subfield><subfield code="4">oth</subfield></datafield><datafield tag="773" ind1="0" ind2="8"><subfield code="w">(DE-Frei129)00096972</subfield><subfield code="q">BIOLZELL12</subfield></datafield><datafield tag="852" ind1=" " ind2=" "><subfield code="a">Frei129</subfield><subfield code="c">Bio A 350: 60</subfield></datafield><datafield tag="980" ind1="0" ind2=" "><subfield code="a">00007517</subfield><subfield code="9">(PHFR)</subfield><subfield code="b">UG (33)</subfield><subfield code="c">Bio A 350: 60</subfield><subfield code="d">Standardleihe (01)</subfield><subfield code="e">Verfügbar (X)</subfield></datafield></record>