
<record><leader>04582nam a2200000uu 4500</leader><controlfield tag="001">00221885</controlfield><controlfield tag="003">DE-Frei129</controlfield><controlfield tag="005">20220727155630.0</controlfield><controlfield tag="007">tu</controlfield><controlfield tag="008">000411s2000    ||||||||||||||||||||ger||</controlfield><datafield tag="015" ind1=" " ind2=" "><subfield code="a">01,A04,0291</subfield></datafield><datafield tag="016" ind1="7" ind2=" "><subfield code="a">958556849</subfield><subfield code="2">DE-101</subfield></datafield><datafield tag="020" ind1=" " ind2=" "><subfield code="a">3786722498</subfield><subfield code="9">3786722498</subfield><subfield code="c">kart. : ca. DM 32.00, ca. sfr 30.40, ca. S 234.00</subfield></datafield><datafield tag="020" ind1=" " ind2=" "><subfield code="a">3786714274</subfield><subfield code="9">3786714274</subfield></datafield><datafield tag="020" ind1=" " ind2=" "><subfield code="z">3786714274</subfield><subfield code="9">3-7867-1427-4</subfield></datafield><datafield tag="035" ind1=" " ind2=" "><subfield code="a">(DE-576)312069057</subfield></datafield><datafield tag="041" ind1=" " ind2=" "><subfield code="a">ger</subfield></datafield><datafield tag="044" ind1=" " ind2=" "><subfield code="c">XA-DE</subfield></datafield><datafield tag="100" ind1="1" ind2=" "><subfield code="a">Bartussek, Walter</subfield><subfield code="0">(DE-Frei129)00086339</subfield><subfield code="0">(DE-588)122539400</subfield></datafield><datafield tag="245" ind1="1" ind2="0"><subfield code="a">Bewusst sein im Körper</subfield><subfield code="b">Training für Bühne und Alltag</subfield><subfield code="c">Walter Bartussek</subfield></datafield><datafield tag="260" ind1="3" ind2=" "><subfield code="a">Mainz</subfield><subfield code="b">Matthias-Grünewald-Verl.</subfield><subfield code="c">2000</subfield></datafield><datafield tag="300" ind1=" " ind2=" "><subfield code="a">175 Seiten</subfield><subfield code="b">graph. Darst.</subfield><subfield code="c">21 cm</subfield></datafield><datafield tag="490" ind1="0" ind2=" "><subfield code="a">Edition Psychologie und Pädagogik</subfield></datafield><datafield tag="500" ind1=" " ind2=" "><subfield code="a">IMD-Felder maschinell generiert (GBV)</subfield></datafield><datafield tag="500" ind1=" " ind2=" "><subfield code="a">Archivierung prüfen</subfield></datafield><datafield tag="501" ind1=" " ind2=" "><subfield code="a">Literaturverz. S. 171 - 175</subfield></datafield><datafield tag="520" ind1=" " ind2=" "><subfield code="a">Bartussek kommt von der Theaterarbeit (vgl. auch &quot;Pantomime als darstellendes Spiel&quot;: BA 1/91), stellt diese aber in den übergreifenden Zusammenhang der Bewusstseinsschulung und -veränderung. In diesem Band, in dem durchgängig Informationsteile wechseln mit Übungssequenzen, geht es in einer etwas (auch von der optischen Präsentation her) unübersichtlichen Gemengelage aus östlichem und westlichem Gedankengut darum, über Formen der Selbst- und Fremdwahrnehmung vor allem via Körpersprache im Sinne von Persönlichkeitsentwicklung alte, eingeschliffene Denk- und Verhaltensmuster und ihre Hintergründe zu erkennen und unangemessene Prägungen ggf. zu verändern. Das Ganze ist in einen bunten ideologischen Rahmen eingebunden, der zwischen V. Birkenbihls pragmatischer Alltagspsychologie und den spekulativen &quot;Prophezeiungen von Celestine&quot; (J. Redfield) oszilliert und Feng Shui, Chakren-Konzepte sowie Mentales Training zu seinen Gewährs-Themen zählt. - M. E. eher ein Manual für professionell geführte Selbsterfahrungs-Seminare als für die Selbstunterweisung. (3) (Uwe-F. Obsen)</subfield></datafield><datafield tag="650" ind1=" " ind2="7"><subfield code="a">Körpererfahrung</subfield><subfield code="0">(DE-Frei129)00038390</subfield><subfield code="0">(DE-588)4120582-0</subfield><subfield code="2">gnd</subfield></datafield><datafield tag="689" ind1="0" ind2="0"><subfield code="0">(DE-588)4120582-0</subfield><subfield code="D">s</subfield><subfield code="a">Körpererfahrung</subfield><subfield code="5">DE-101</subfield></datafield><datafield tag="852" ind1=" " ind2=" "><subfield code="a">Frei129</subfield><subfield code="c">Psy D 40: 64</subfield></datafield><datafield tag="980" ind1="0" ind2=" "><subfield code="a">00118498</subfield><subfield code="9">(PHFR)</subfield><subfield code="b">EG-Anbau (32)</subfield><subfield code="c">Psy D 40: 64</subfield><subfield code="d">Standardleihe (01)</subfield><subfield code="e">ausgeliehen (A) - Fälligkeitsdatum: 01.08.2022</subfield></datafield></record>