
<record><leader>03087nam a2200000uuc4500</leader><controlfield tag="001">00214868</controlfield><controlfield tag="003">DE-Frei129</controlfield><controlfield tag="005">20220727155630.0</controlfield><controlfield tag="007">tu</controlfield><controlfield tag="008">990915s2000    ||||||||||||||||||||ger||</controlfield><datafield tag="020" ind1=" " ind2=" "><subfield code="a">3582743810</subfield><subfield code="9">3-582-74381-0</subfield></datafield><datafield tag="035" ind1=" " ind2=" "><subfield code="a">(DE-576)1149822732</subfield></datafield><datafield tag="041" ind1=" " ind2=" "><subfield code="a">ger</subfield></datafield><datafield tag="245" ind1="1" ind2="0"><subfield code="a">Betrifft Mensch und Umwelt</subfield><subfield code="n">9/10, Arbeitsheft</subfield><subfield code="p">[Realschule.] Arbeitsheft / Karin Class ; Beate Eckert</subfield><subfield code="c">Cornelia A. Schlieper</subfield></datafield><datafield tag="260" ind1="3" ind2=" "><subfield code="a">Hamburg</subfield><subfield code="b">Büchner, Handwerk und Technik</subfield><subfield code="c">2000 2000</subfield></datafield><datafield tag="300" ind1=" " ind2=" "><subfield code="a">104  Seiten</subfield><subfield code="b">Ill.</subfield></datafield><datafield tag="500" ind1=" " ind2=" "><subfield code="a">HST hier: Mensch und Umwelt</subfield></datafield><datafield tag="500" ind1=" " ind2=" "><subfield code="a">IMD-Felder und 1131 maschinell ergänzt</subfield></datafield><datafield tag="700" ind1="1" ind2=" "><subfield code="0">(DE-Frei129)00106500</subfield><subfield code="a">Class, Karin</subfield><subfield code="4">oth</subfield></datafield><datafield tag="700" ind1="1" ind2=" "><subfield code="0">(DE-Frei129)00114818</subfield><subfield code="a">Eckert, Beate</subfield><subfield code="4">oth</subfield></datafield><datafield tag="773" ind1="0" ind2="8"><subfield code="w">(DE-Frei129)00163541</subfield><subfield code="q">9/10REALARB</subfield></datafield><datafield tag="852" ind1=" " ind2=" "><subfield code="a">Frei 129</subfield><subfield code="b">PHFR</subfield><subfield code="c">ZE 70000 B564 M5 A -9/10</subfield></datafield><datafield tag="980" ind1="0" ind2=" "><subfield code="a">00115431</subfield><subfield code="9">(PHFR)</subfield><subfield code="b">3.OG (37)</subfield><subfield code="c">ZE 70000 B564 M5 A -9/10+2</subfield><subfield code="d">Standardleihe (01)</subfield><subfield code="e">Verfügbar (X)</subfield></datafield><datafield tag="980" ind1="0" ind2=" "><subfield code="a">00115433</subfield><subfield code="9">(PHFR)</subfield><subfield code="b">3.OG (37)</subfield><subfield code="c">ZE 70000 B564 M5 A -9/10</subfield><subfield code="d">Präsenzbestand II (51)</subfield><subfield code="e">Verfügbar (X)</subfield></datafield><datafield tag="980" ind1="0" ind2=" "><subfield code="a">00115459</subfield><subfield code="9">(PHFR)</subfield><subfield code="b">3.OG (37)</subfield><subfield code="c">ZE 70000 B564 M5 A -9/10+1</subfield><subfield code="d">Standardleihe (01)</subfield><subfield code="e">Verfügbar (X)</subfield></datafield></record>