
<record><leader>04185nam a2200000uu 4500</leader><controlfield tag="001">00216007</controlfield><controlfield tag="003">DE-Frei129</controlfield><controlfield tag="005">20220727155630.0</controlfield><controlfield tag="007">tu</controlfield><controlfield tag="008">991013s2000    ||||||||||||||||||||ger||</controlfield><datafield tag="016" ind1="7" ind2=" "><subfield code="a">957220200</subfield><subfield code="2">DE-101</subfield></datafield><datafield tag="020" ind1=" " ind2=" "><subfield code="a">3897713535</subfield><subfield code="9">3-89771-353-5</subfield></datafield><datafield tag="035" ind1=" " ind2=" "><subfield code="a">(DE-576)302010262</subfield></datafield><datafield tag="041" ind1=" " ind2=" "><subfield code="a">ger</subfield></datafield><datafield tag="245" ind1="1" ind2="0"><subfield code="a">&quot;Wie eine zweite Haut&quot;</subfield><subfield code="b">Situationsplastik als praktische Mädchenkulturarbeit</subfield><subfield code="c">Peggi Nischwitz</subfield></datafield><datafield tag="250" ind1=" " ind2=" "><subfield code="a">1. Aufl.</subfield></datafield><datafield tag="260" ind1="3" ind2=" "><subfield code="a">Münster</subfield><subfield code="b">Unrast</subfield><subfield code="c">2000 2000</subfield></datafield><datafield tag="300" ind1=" " ind2=" "><subfield code="a">135  Seiten</subfield><subfield code="b">Ill.</subfield></datafield><datafield tag="490" ind1="0" ind2=" "><subfield code="a">Identität, Kunst, Bildung</subfield></datafield><datafield tag="650" ind1=" " ind2="7"><subfield code="a">Plastisches Gestalten</subfield><subfield code="0">(DE-Frei129)00016860</subfield><subfield code="0">(DE-588)4225746-3</subfield><subfield code="2">gnd</subfield></datafield><datafield tag="650" ind1=" " ind2="7"><subfield code="a">Identitätsentwicklung</subfield><subfield code="0">(DE-Frei129)00040471</subfield><subfield code="0">(DE-588)4138616-4</subfield><subfield code="2">gnd</subfield></datafield><datafield tag="650" ind1=" " ind2="7"><subfield code="a">Jugendkulturarbeit</subfield><subfield code="0">(DE-Frei129)00060299</subfield><subfield code="0">(DE-588)4162843-3</subfield><subfield code="2">gnd</subfield></datafield><datafield tag="650" ind1=" " ind2="7"><subfield code="a">Mädchen</subfield><subfield code="0">(DE-Frei129)00015765</subfield><subfield code="0">(DE-588)4036871-3</subfield><subfield code="2">gnd</subfield></datafield><datafield tag="650" ind1=" " ind2="7"><subfield code="a">Projekt</subfield><subfield code="0">(DE-Frei129)00028538</subfield><subfield code="0">(DE-588)4115645-6</subfield><subfield code="2">gnd</subfield></datafield><datafield tag="689" ind1="0" ind2="0"><subfield code="0">(DE-588)4225746-3</subfield><subfield code="D">s</subfield><subfield code="a">Plastisches Gestalten </subfield></datafield><datafield tag="689" ind1="0" ind2="1"><subfield code="0">(DE-588)4138616-4</subfield><subfield code="D">s</subfield><subfield code="a">Identitätsentwicklung </subfield></datafield><datafield tag="689" ind1="0" ind2="2"><subfield code="0">(DE-588)4162843-3</subfield><subfield code="D">s</subfield><subfield code="a">Jugendkulturarbeit </subfield></datafield><datafield tag="689" ind1="0" ind2="3"><subfield code="0">(DE-588)4036871-3</subfield><subfield code="D">s</subfield><subfield code="a">Mädchen </subfield></datafield><datafield tag="689" ind1="0" ind2="4"><subfield code="0">(DE-588)4115645-6</subfield><subfield code="D">s</subfield><subfield code="a">Projekt</subfield><subfield code="5">DE-101</subfield></datafield><datafield tag="700" ind1="1" ind2=" "><subfield code="0">(DE-Frei129)00130534</subfield><subfield code="a">Nischwitz, Peggi</subfield><subfield code="4">aut</subfield></datafield><datafield tag="852" ind1=" " ind2=" "><subfield code="a">Frei 129</subfield><subfield code="b">PHFR</subfield><subfield code="c">LH 69080 N724</subfield></datafield><datafield tag="980" ind1="0" ind2=" "><subfield code="a">00119167</subfield><subfield code="9">(PHFR)</subfield><subfield code="b">2.OG (35)</subfield><subfield code="c">LH 69080 N724</subfield><subfield code="d">Standardleihe (01)</subfield><subfield code="e">Verfügbar (X)</subfield></datafield></record>