
<record><leader>02655nam a2200000uu 4500</leader><controlfield tag="001">00217731</controlfield><controlfield tag="003">DE-Frei129</controlfield><controlfield tag="005">20220727155630.0</controlfield><controlfield tag="007">tu</controlfield><controlfield tag="008">991119s2000    ||||||||||||||||||||ger||</controlfield><datafield tag="020" ind1=" " ind2=" "><subfield code="a">3891110170</subfield><subfield code="9">3891110170</subfield></datafield><datafield tag="035" ind1=" " ind2=" "><subfield code="a">(DE-576)1151784869</subfield></datafield><datafield tag="041" ind1=" " ind2=" "><subfield code="a">ger</subfield></datafield><datafield tag="100" ind1="1" ind2=" "><subfield code="a">Miller, Reinhold</subfield><subfield code="0">(DE-Frei129)00037667</subfield><subfield code="0">(DE-588)120835401</subfield></datafield><datafield tag="245" ind1="1" ind2="0"><subfield code="a">&quot;Halt&apos;s Maul, du dumme Sau!&quot;</subfield><subfield code="b">Schritte zum fairen Gespräch</subfield><subfield code="c">Reinhold Miller</subfield></datafield><datafield tag="250" ind1=" " ind2=" "><subfield code="a">2. Aufl.</subfield></datafield><datafield tag="260" ind1="3" ind2=" "><subfield code="a">Lichtenau</subfield><subfield code="b">AOL-Verl.</subfield><subfield code="c">2000</subfield></datafield><datafield tag="300" ind1=" " ind2=" "><subfield code="a">47 Seiten</subfield></datafield><datafield tag="490" ind1="0" ind2=" "><subfield code="a">Punkt genau</subfield></datafield><datafield tag="490" ind1="1" ind2=" "><subfield code="a">AOL-Werkstatt </subfield><subfield code="v">A 017</subfield></datafield><datafield tag="500" ind1=" " ind2=" "><subfield code="a">Archivierung/Langzeitarchivierung geplant</subfield></datafield><datafield tag="500" ind1=" " ind2=" "><subfield code="a">DE-640 (2)</subfield></datafield><datafield tag="500" ind1=" " ind2=" "><subfield code="a">Archivierung/Langzeitarchivierung gewährleistet</subfield></datafield><datafield tag="830" ind1=" " ind2="0"><subfield code="a">AOL-Werkstatt</subfield><subfield code="v">A 017</subfield><subfield code="w">(DE-Frei129)58595563</subfield><subfield code="9">A 3017</subfield></datafield><datafield tag="852" ind1=" " ind2=" "><subfield code="a">Frei 129</subfield><subfield code="b">PHFR</subfield><subfield code="c">Psy L 700: 78</subfield></datafield><datafield tag="980" ind1="0" ind2=" "><subfield code="a">00121336</subfield><subfield code="9">(PHFR)</subfield><subfield code="b">EG-Anbau (32)</subfield><subfield code="c">Psy L 700: 78</subfield><subfield code="d">Standardleihe (01)</subfield><subfield code="e">Verfügbar (X)</subfield></datafield></record>