
<record><leader>05173nam a2200000uu 4500</leader><controlfield tag="001">00218075</controlfield><controlfield tag="003">DE-Frei129</controlfield><controlfield tag="005">20220727155630.0</controlfield><controlfield tag="007">tu</controlfield><controlfield tag="008">991005s2000    ||||||||||||||||||||ger||</controlfield><datafield tag="015" ind1=" " ind2=" "><subfield code="a">00,A30,0595</subfield></datafield><datafield tag="016" ind1="7" ind2=" "><subfield code="a">957516207</subfield><subfield code="2">DE-101</subfield></datafield><datafield tag="020" ind1=" " ind2=" "><subfield code="a">3794144228</subfield><subfield code="9">3794144228</subfield><subfield code="c">: sfr 39.00 (brosch)</subfield></datafield><datafield tag="035" ind1=" " ind2=" "><subfield code="a">(DE-576)303298685</subfield></datafield><datafield tag="041" ind1=" " ind2=" "><subfield code="a">ger</subfield></datafield><datafield tag="044" ind1=" " ind2=" "><subfield code="c">XA-CH</subfield></datafield><datafield tag="245" ind1="1" ind2="0"><subfield code="a">Physik - ein systemdynamischer Zugang für die Sekundarstufe II</subfield><subfield code="c">Thomas Borer ..</subfield></datafield><datafield tag="260" ind1="3" ind2=" "><subfield code="a">Aarau</subfield><subfield code="b">Verl. für Berufsbildung, Sauerländer</subfield><subfield code="c">2000</subfield></datafield><datafield tag="300" ind1=" " ind2=" "><subfield code="a">VII, 186 S</subfield><subfield code="b">zahlr. Ill., graph. Darst</subfield><subfield code="c">26 cm</subfield></datafield><datafield tag="500" ind1=" " ind2=" "><subfield code="a">IMD-Felder maschinell generiert (GBV)</subfield></datafield><datafield tag="500" ind1=" " ind2=" "><subfield code="a">Archivierung prüfen</subfield></datafield><datafield tag="500" ind1=" " ind2=" "><subfield code="a">DE-640 (2)</subfield></datafield><datafield tag="520" ind1=" " ind2=" "><subfield code="a">Nach Einführung der Grundelemente dynamischer Systeme werden elektrische, stoffliche, mechanische, thermische und optische Prozesse untersucht, was inhaltlich dem gängigen Stoff der Sekundarstufe 2 entspricht. Wichtig ist die Bedeutung von Bilanzgesetzen und die Rolle der Energie. Bei oberflächiger Betrachtung wirkt diese systemdynamische Darstellung anfangs etwas verwirrend, da ein Begriff wie &quot;Stromstärke&quot; nicht nur in der Elektrizitätslehre verwendet wird, sondern auch bei fliessenden Strömen in hydraulischen Prozessen. Hingegen kann die oft auf Analogien beruhende Modellierung, die von Kapitel zu Kapitel verfeinert wird, Zusammhänge aufzeigen, deren man bei üblicher Darstellung des Schulstoffes nicht immer gleich gewahr wird. Ob diese neue, aber durchaus einleuchtende Art der Darstellung (in der Schweiz erstmals angewandt) auch an deutschen Schulen anzutreffen ist, ist dem Rezensenten nicht bekannt; dennoch empfiehlt sich das Buch auch wegen seines durchgehenden Praxisbezuges als Ergänzung zu gängigen Schulbüchern oder zum Studieneinstieg in Richtung Umweltwissenschaften. (2 S) (Rolf Becker)</subfield></datafield><datafield tag="650" ind1=" " ind2="7"><subfield code="a">Physikunterricht</subfield><subfield code="0">(DE-Frei129)00019086</subfield><subfield code="0">(DE-588)4045977-9</subfield><subfield code="2">gnd</subfield></datafield><datafield tag="650" ind1=" " ind2="7"><subfield code="a">Sekundarstufe 2</subfield><subfield code="0">(DE-Frei129)00021632</subfield><subfield code="0">(DE-588)4054367-5</subfield><subfield code="2">gnd</subfield></datafield><datafield tag="651" ind1=" " ind2="7"><subfield code="a">Schweiz</subfield><subfield code="0">(DE-Frei129)00021781</subfield><subfield code="0">(DE-588)4053881-3</subfield><subfield code="2">gnd</subfield></datafield><datafield tag="689" ind1="0" ind2="0"><subfield code="0">(DE-588)4045977-9</subfield><subfield code="D">s</subfield><subfield code="a">Physikunterricht </subfield></datafield><datafield tag="689" ind1="0" ind2="1"><subfield code="0">(DE-588)4054367-5</subfield><subfield code="D">s</subfield><subfield code="a">Sekundarstufe 2 </subfield></datafield><datafield tag="689" ind1="0" ind2="2"><subfield code="0">(DE-588)4053881-3</subfield><subfield code="D">g</subfield><subfield code="a">Schweiz</subfield><subfield code="5">DE-101</subfield></datafield><datafield tag="700" ind1="1" ind2=" "><subfield code="0">(DE-Frei129)00131080</subfield><subfield code="a">Borer, Thomas</subfield><subfield code="4">oth</subfield></datafield><datafield tag="852" ind1=" " ind2=" "><subfield code="a">Frei129</subfield><subfield code="c">Phy D 100: 92</subfield></datafield><datafield tag="856" ind1="4" ind2=" "><subfield code="8">00</subfield><subfield code="u">https://external.dandelon.com/download/attachments/dandelon/ids/CH002C06BE8942C083D64C1257E2A00348745.pdf</subfield><subfield code="y">Inhaltsverzeichnis</subfield></datafield><datafield tag="980" ind1="0" ind2=" "><subfield code="a">00114242</subfield><subfield code="9">(PHFR)</subfield><subfield code="b">UG (33)</subfield><subfield code="c">Phy D 100: 92</subfield><subfield code="d">Standardleihe (01)</subfield><subfield code="e">Verfügbar (X)</subfield></datafield></record>
